@book{criticalComparison,
  title={A Critical Comparison Among Pansharpening Algorithms},
  author={Gemine Vivone Luciano Alparone Jocelyn Chanussot Mauro Dalla Mura andrea Garzelli Giorgio A. Licciardi Rocco Restaino and Lucien Wald},
  year={2015},
  publisher={IEEE Transactions on Geoscience and Remote Sensing}
}

@book{pnn,
    title={Pansharpening by Convolutional Neural Networks},
    author={Giuseppe Masi Davide Cozzolino Luisa Verdoliva and Giuseppe Scarpa},
    year={2016},
    publisher={Remote Sensing}
}

@book{changedetection,
    title={Mapping forest degradation in the Eastern Amazon from SPOT 4 through spectral mixture models},
    author={C. Souza Jr. L. Firestone L. M. Silva and D. Roberts},
    year={2003},
    publisher={Remote Sens. Environ.}
}

@book{objectrecognition,
    title={Road extraction based on fuzzy logic and mathematical morphology from pansharpened IKONOS images},
    author={A. Mohammadzadeh A. Tavakoli and M. J. Valadan Zoej},
    year={2006},
    publisher={Photogramm. Rec.}
}

@book{sceneinterp,
    title={Thematic and statistical evaluations of five panchromatic/multispectral fusion methods on simulated PLEIADES-HR images},
    author={F. Laporterie-Déjean H. de Boissezon G. Flouzat and M.-J. Lefèvre-Fonollosa},
    year={2005},
    publisher={Inf. Fusion}
}

@book{towaldetal,
    title={Fusion of satellite images of different spatial resolutions: Assessing the quality of resulting images},
    author={L. Wald T. Ranchin and M. Mangolini},
    year={1997},
    publisher={Photogramm. Eng. Remote Sens}
}

@book{scaleinvariance1,
    title={Analysis of changes in quality assessment with scale},
    author={C. Thomas and L. Wald},
    year={2006},
    publisher={Proc. 9th Int. Conf. Inf. Fusion}
}

@book{ihs1,
    title={The use of intensity-hue-saturation transformations for merging SPOT panchromatic and multi-spectral image data,},
    author={W. Carper T. Lillesand and R. Kiefer},
    year={1990},
    publisher={Photogramm. Eng. Remote Sens.}
}

@book{ihs2,
    title={Comparison of three different methods to merge multiresolution and multispectral data: Landsat TM and SPOT panchromatic,},
    author={P. S. Chavez Jr. S. C. Sides and J. A. Anderson},
    year={1991},
    publisher={Photogramm. Eng. Remote Sens.}
}

@book{pca2,
    title={An efficient pan-sharpening method via a combined adaptive-PCA approach and contourlets},
    author={V. P. Shah N. H. Younan and R. L. King},
    year={2008},
    publisher={IEEE Trans. Geosci. Remote Sens.,}
}

@book{gs,
    title={Process for enhancing the spatial resolution of multispectral imagery using pan-sharpening,},
    author={C. A. Laben and B. V. Brower},
    year={2000},
    publisher={U.S. Patent 6 011 875}
}

@book{theanorip,
    title={MILA and the future of Theano},
    author={Pascal Lamblin},
    year={2018},
    publisher="\url{https://groups.google.com/forum/#!topic/theano-users/7Poq8BZutbY}"
}

@book{tensorflowautoderiv,
    year={2020},
    title={Introduction to Gradients and Automatic Differentiation},
    publisher="\url{https://www.tensorflow.org/guide/autodiff?hl=da}",
    author={tensorflow.org}
}

@book{cs1,
    author={C. Thomas, T. Ranchin, L. Wald and J. Chanussot},
    title={Synthesis of multispectral images to high spatial resolution: A critical review of fusion methods based on remote sensing physics},
    publisher={IEEE Trans. Geosci. Remote Sens.},
    year={2008}
}

@book{cs2,
    author={I. Amro, J. Mateos, M. Vega R. Molina and A. K. Katsaggelos},
    title={A survey of classical methods and new trends in pansharpening of multispectral images},
    publisher={EURASIP J. Adv. Signal Process.},
    year={2011}
}

@book{cs3,
    author={B. Aiazzi S. Baronti and M. Selva},
    title={Improving component substitution pansharpening through multivariate regression of MS+Pan data},
    publisher={IEEE Trans. Geosci. Remote Sens.},
    year={2007}
}

@book{cs4,
    author={T.-M. Tu S.-C. Su H.-C. Shyu and P. S. Huang},
    title={A new look at IHS-like image fusion methods},
    publisher={Inf. Fusion},
    year={2001}
}

@book{cs5,
    author={T.-M. Tu P. S. Huang C.-L. Hung and C.-P. Chang},
    title={A fast intensity-hue-saturation fusion technique with spectral adjustment for IKONOS imagery},
    publisher={IEEE Trans. Geosci. Remote Sens.},
    year={2004}
}

@book{cs6,
    author={W. Dou Y. Chen X. Li and D. Sui},
    title={A general framework for component substitution image fusion: An implementation using fast image fusion method},
    publisher={Comput. Geosci.},
    year={2007}
}

@book{cs7,
    author={J. Choi K. Yu and Y. Kim},
    title={A new adaptive component-substitution based satellite image fusion by using partial replacement},
    publisher={IEEE Trans. Geosci. Remote Sens.},
    year={2011}
}

@article{mtfglp,
  author    = {L. Alparone et al.},
  title     = {Comparison of three different methods to merge multiresolution and multispectral data: Landsat TM and SPOT panchromatic},
  year      = {2007},
  publisher = {Photogramm. Eng. Remote Sens.}
}

@book{perfdiffscale,
  author    = {F. Laporterie-Déjean H. de Boissezon G. Flouzat and M.-J. Lefèvre-Fonollosa},
  title     = {Thematic and statistical evaluations of five panchromatic/multispectral fusion methods on simulated PLEIADES-HR images},
  publisher = {Inf. Fusion},
  year      = {2005}
}

@book{mtfsensor,
  author    = {B. Aiazzi L. Alparone S. Baronti A. Garzelli and M. Selva},
  title     = {MTF-tailored multiscale fusion of high-resolution MS and Pan imagery,},
  publisher = {Photogramm. Eng. Remote Sens.},
  year      = {2006}
}

@book{uiqi,
  author    = {Z. Wang and A. C. Bovik},
  title     = {A universal image quality index},
  publisher = {IEEE Signal Process. Lett.},
  year      = {2002}
}

@book{qnr,
  author    = {L Alparone et al},
  title     = {Multispectral and panchromatic data fusion assessment without reference},
  publisher = {Photogramm. Eng. Remote Sens.},
  year      = {2008}
}

@book{perceptron,
  author    = {Warren S. McCulloch and Walter Pitts},
  title     = {A Logical Calculus of Ideas Immanent in Nervous Activity},
  publisher = {University of Chicago},
  year      = {1943}
}

@book{percepimage,
  author    = {MissingLink},
  title     = {Perceptrons and Multi-Layer Perceptrons: The Artificial Neuron at the Core of Deep Learning},
  publisher = {https://missinglink.ai/guides/neural-network-concepts/perceptrons-and-multi-layer-perceptrons-the-artificial-neuron-
  at-the-core-of-deep-learning},
  year      = { }
}

@book{featuresextract,
  author    = {RSIPvision},
  publisher = {https://www.rsipvision.com/exploring-deep-learning},
  year      = { }
}

@book{khan,
  author    = {Khan M. M. Alparone L. and Chanussot J.},
  title     = {Pansharpening quality assessment using the modulation transfer functions of instruments},
  publisher = {IEEE Trans. Geosci. Remote Sens.},
  year      = {2009}
}

@book{hqnr,
  author    = {B. Aiazzia L. Alparonea S. Barontia R. Carl A. Garzellia L. Santurri},
  title     = {Full scale assessment of pansharpening methods and data products},
  publisher = {Photogramm. Eng. Remote Sens.},
  year      = {2008}
}

@book{dsreg,
  author    = {Luciano Alparone Andrea Garzelli Gemine Vivone},
  title     = {Spatial Consistency for Full-Scale Assessment of Pansharpening},
  publisher = {IEEE International Geoscience and Remote Sensing Symposium},
  year      = {2018}
}

@book{q4,
  author    = {Alparone, L. Baronti, S. Garzelli A. and Nencini F.},
  title     = {A global quality measurement of pan-sharpened multispectral imagery},
  publisher = {IEEE Geosci. Remote Sens.},
  year      = {2004}
}

@book{superesolution,
  author    = {Dong C. Loy C. He, K. Tang X},
  title     = {Image super-resolution using deep convolutional networks},
  publisher = {IEEE Trans. Pattern Anal. Mach. Intell.},
  year      = {2006}
}

@book{pnn2,
  author    = {Giuseppe Scarpa Sergio Vitale and Davide Cozzolino},
  title     = {CNN-based pansharpening of multi-resolution remote-sensing images},
  publisher = {Conference: 2017 Joint Urban Remote Sensing Event (JURSE)},
}

@book{matlab,
  author    = {Matlab},
  title     = {https://it.mathworks.com/help/matlab/matlab-engine-for-python.html},
}

@book{residualpnn,
  title= {Target-adaptive CNN-based pansharpening},
  author = {Giuseppe Scarpa Sergio Vitale and Davide Cozzolino},
  year={2017}
}

@book{residual1,
  title= {On single image scale-up using sparse-representations},
  author = {R Zeyde M Elad and M Protter},
  year={2012},
  publisher={Curves and Surfaces Springer}
}

@book{residual2,
  title= {Anchored neighborhood regression for fast example-based super-resolution},
  author = {R Timofte V De and L V Gool},
  year={2013},
  publisher={IEEE Int Conf on Computer Vision (ICCV)}
}

@book{residual3,
  title= {Accurate image super-resolution using very deep convolutional networks},
  author = {J K L J Kim and K M Lee},
  year={2016},
  publisher={IEEE Conf on Compute Vision and Pattern Recognition (CVPR)}
}

@book{residual4,
  title= {Deep residual learning for image recognition},
  author = {K He X Zhang S Ren and J Sun},
  year={2016},
  publisher={IEEE Conf on Computer Vision and Pattern Recognition (CVPR)}
}

@book{auto_symbol,
  title={On the Equivalence of Forward Mode Automatic Differentiation and Symbolic Differentiation},
  author={Sören Laue},
  year={2019}
}

@article{autodiff,
  author          = {Atilim Gunes Baydin Barak A Pearlmutter Alexey Andreyevich Radul and Jeffrey Mark Siskind},
  title           = {Automatic Differentiation in Machine Learning: a Survey},
  year            = {2018}
}